@misc{FTX,
  title = {FTX Volume Monitor},
  howpublished = {\href{https://web.archive.org/web/20190812123332/https://ftx.com/volume-monitor}{https://ftx.com/volume-monitor}},
  note = {Accessed: 12-08-2019}
}
@online{binance,
  title = "Binance REST API",
  url = "https://github.com/binance-exchange/binance-official-api-docs/blob/master/rest-api.md",
  addendum = "(Accessed: 12-08-2019)"
}
@misc{coinbase,
  title = {Coinbase Pro REST API},
  howpublished = {\url{https://docs.pro.coinbase.com/}},
}
